<collection xmlns="http://www.loc.gov/MARC21/slim"><record><leader>00733nam  2200229   450</leader><controlfield tag="001">186</controlfield><controlfield tag="003">http://montalegre.opacnet.com/OPAC/default.aspx?ContentAreaControl=ShowRegHoldings.ascx&amp;RegNo=16662</controlfield><controlfield tag="005">20</controlfield><datafield tag="095" ind1=" " ind2=" "><subfield code="a">PTBN00116095</subfield></datafield><datafield tag="100" ind1=" " ind2=" "><subfield code="a">19851201d1985    m  y0pora010305  ba</subfield></datafield><datafield tag="101" ind1="1" ind2=" "><subfield code="a">por</subfield><subfield code="c">eng</subfield></datafield><datafield tag="102" ind1=" " ind2=" "><subfield code="a">PT</subfield></datafield><datafield tag="200" ind1="1" ind2=" "><subfield code="a">Lunar caustic</subfield><subfield code="f">Malcolm Lowry</subfield><subfield code="g">trad. Aníbal Fernandes</subfield></datafield><datafield tag="210" ind1=" " ind2=" "><subfield code="a">Lisboa</subfield><subfield code="c">Assírio &amp; Alvim</subfield><subfield code="d">1985</subfield></datafield><datafield tag="215" ind1=" " ind2=" "><subfield code="a">101 p.</subfield><subfield code="d">19 cm</subfield></datafield><datafield tag="225" ind1="2" ind2=" "><subfield code="a">Gato maltês</subfield><subfield code="v">11)</subfield></datafield><datafield tag="304" ind1=" " ind2=" "><subfield code="a">Tit. orig.: Lunar caustic</subfield></datafield><datafield tag="675" ind1=" " ind2=" "><subfield code="a">821</subfield><subfield code="v">BN</subfield><subfield code="z">por</subfield></datafield><datafield tag="700" ind1=" " ind2="1"><subfield code="a">Lowry</subfield><subfield code="b">Malcolm</subfield><subfield code="f">1909-1957</subfield></datafield><datafield tag="702" ind1=" " ind2="1"><subfield code="a">Fernandes</subfield><subfield code="b">Aníbal</subfield><subfield code="f">1944-</subfield><subfield code="4">730</subfield></datafield><datafield tag="801" ind1=" " ind2="0"><subfield code="a">PT</subfield><subfield code="b">Biblioteca Municipal de Montalegre</subfield><subfield code="g">RPC</subfield></datafield><datafield tag="856" ind1=" " ind2=" "><subfield code="u">locateMedia.asp?cod=20060510094533&amp;ext=jpg</subfield><subfield code="z">CAPA</subfield></datafield><datafield tag="909" ind1="&#9;" ind2=" "><subfield code="a">1</subfield></datafield><datafield tag="966" ind1=" " ind2=" "><subfield code="a">0009062</subfield><subfield code="l">BMM</subfield><subfield code="s">SCG 821 LOW lun 11</subfield></datafield></record></collection>